% Encoding: UTF-8

@Misc{www-meetup,
  title        = {Meetup},
  howpublished = {https://www.meetup.com},
  url          = {https://www.meetup.com/},
}

@Misc{www-tableau,
  title        = {Tableau},
  howpublished = {web},
  url          = {http://www.tableau.com},
}

@Misc{www-python,
  title        = {Python},
  howpublished = {web},
  url          = {https://www.python.org},
}

@Misc{www-mysql,
  title        = {MySQL},
  howpublished = {web},
  url          = {https://www.mysql.com},
}

@Misc{www-meetupapi,
  title        = {Meetup API},
  howpublished = {web},
  url          = {https://www.meetup.com/meetup_api/},
}

@Misc{www-meetup,
  title        = {Meetup},
  howpublished = {web},
  url          = {https://www.meetup.com/},
}

@Misc{www-spark,
  title        = {Apache Spark},
  howpublished = {web},
  url          = {http://spark.apache.org},
}

@Misc{www-kafka,
  title        = {Apache Kafka},
  howpublished = {web},
  url          = {http://kafka.apache.org},
}

@Misc{www-hbase,
  title        = {Apache HBase},
  howpublished = {web},
  url          = {http://hbase.apache.org},
}

@Comment{jabref-meta: databaseType:bibtex;}
