% Encoding: UTF-8

@Misc{www-meetup,
  title        = {Meetup},
  howpublished = {Web Page},
  url          = {https://www.meetup.com/},
}

@Misc{www-meetup-api,
  title        = {Meetup-api},
  howpublished = {Web Page},
  url          = {https://www.meetup.com/meetup_api/},
}

@Misc{www-spark-hbase-connector,
  author   = {Zhang, Zhan},
  title    = {SPARK-ON-HBASE: DATAFRAME BASED HBASE CONNECTOR},
  month    = jun,
  year     = {2016},
  keywords = {hortonworks,spark-hbase,connector},
  owner    = {Balaji Rajaram},
  url      = {http://hortonworks.com/blog/spark-hbase-dataframe-based-hbase-connector/},
}

@Misc{www-spark-csv,
  title = {CSV Data Source for Apache Spark 1.x},
  owner = {Balaji Rajaram},
  url   = {https://github.com/databricks/spark-csv/blob/master/README.md},
}

@Misc{www-spark-joda-time,
  title        = {Joda-Time},
  howpublished = {web},
  url          = {http://www.joda.org/joda-time/},
}

@Misc{www-data-pull-challenges,
  title        = {rate-limiting},
  howpublished = {Web Page},
  url          = {https://www.fullcontact.com/developer/docs/rate-limits/},
}

@Misc{www-typesafe-config,
  title = {Typesafe Config Package},
  owner = {Balaji Rajaram},
  url   = {https://github.com/typesafehub/config},
}

@Misc{www-sbt,
  title        = {Scala Build Tool},
  howpublished = {web},
  owner        = {Balaji Rajaram},
  url          = {http://www.scala-sbt.org/0.13/docs/index.html},
}

@Misc{www-tableau,
  title        = {Tableau Desktop Trial Version},
  owner        = {Malabika Biswas},
  url          = {https://www.tableau.com/products/desktop},
}

@Misc{www-hdp,
  title        = {Hortonworks Data Platform Community Edition},
  howpublished = {Web Page},
  url          = {http://hortonworks.com/products/data-center/hdp/},
}

@Comment{jabref-meta: databaseType:bibtex;}